<?xml version="1.0" encoding="UTF-8"?><collection xmlns="http://www.loc.gov/MARC21/slim"><record><leader>00342nam--2200133-i-4500</leader><controlfield tag="001">000032454</controlfield><controlfield tag="002">20161230</controlfield><controlfield tag="005">20161230201039</controlfield><controlfield tag="008">060222s1000------------r-----000-0-eng-d</controlfield><datafield ind1=" " ind2=" " tag="080"><subfield code="a">547</subfield></datafield><datafield ind1=" " ind2=" " tag="245"><subfield code="a">Mechanisms of molecular migrations</subfield></datafield><datafield ind1=" " ind2=" " tag="260"><subfield code="a">New York, Willey-interscience, 1968-1971. Xii+464p</subfield></datafield><datafield ind1=" " ind2=" " tag="700"><subfield code="a">Thyagarajan, B.S</subfield></datafield><datafield ind1=" " ind2=" " tag="852"><subfield code="a">35544</subfield></datafield></record></collection>